<record><leader>00000cas a2200000 a 4500</leader><controlfield tag="001">21063987</controlfield><controlfield tag="008">900214d18721uuuarudn ne      0    0eng c</controlfield><datafield ind1=" " ind2=" " tag="010"><subfield code="a">sn 90050053 </subfield></datafield><datafield ind1=" " ind2=" " tag="040"><subfield code="a">ANU</subfield><subfield code="b">eng</subfield><subfield code="c">ANU</subfield><subfield code="d">OCLCQ</subfield><subfield code="d">CUI</subfield><subfield code="d">OCLCQ</subfield><subfield code="d">OCLCF</subfield></datafield><datafield ind1="1" ind2=" " tag="029"><subfield code="a">AU@</subfield><subfield code="b">000020587391</subfield></datafield><datafield ind1=" " ind2=" " tag="042"><subfield code="a">pcc</subfield></datafield><datafield ind1=" " ind2=" " tag="043"><subfield code="a">n-us-ar</subfield></datafield><datafield ind1=" " ind2="4" tag="050"><subfield code="a">AN</subfield></datafield><datafield ind1="0" ind2="0" tag="245"><subfield code="a">Fair gazette.</subfield></datafield><datafield ind1="1" ind2="7" tag="246"><subfield code="a">Daily fair gazette</subfield></datafield><datafield ind1=" " ind2=" " tag="260"><subfield code="a">Fair Grounds, near Little Rock [i.e. Little Rock, Ark.] :</subfield><subfield code="b">Gazette Pub. Co.</subfield></datafield><datafield ind1=" " ind2=" " tag="300"><subfield code="a">v.</subfield></datafield><datafield ind1=" " ind2=" " tag="310"><subfield code="a">Daily (during period of the fair)</subfield></datafield><datafield ind1="1" ind2=" " tag="362"><subfield code="a">Began Oct. 15, 1872?</subfield></datafield><datafield ind1=" " ind2=" " tag="500"><subfield code="a">"Distributed each day gratuitously."</subfield></datafield><datafield ind1=" " ind2=" " tag="550"><subfield code="a">"Official journal of the Arkansas Agricultural and Mechanical Association."</subfield></datafield><datafield ind1=" " ind2=" " tag="588"><subfield code="a">Description based on: Vol. 4, no. 1 (Oct. 15, 1872).</subfield></datafield><datafield ind1=" " ind2="0" tag="651"><subfield code="a">Little Rock (Ark.)</subfield><subfield code="v">Newspapers.</subfield></datafield><datafield ind1=" " ind2="7" tag="655"><subfield code="a">Newspapers.</subfield><subfield code="2">fast</subfield><subfield code="0">(OCoLC)fst01423814</subfield></datafield><datafield ind1=" " ind2="7" tag="651"><subfield code="a">Arkansas</subfield><subfield code="z">Little Rock.</subfield><subfield code="2">fast</subfield><subfield code="0">(OCoLC)fst01206922</subfield></datafield><datafield ind1="2" ind2=" " tag="710"><subfield code="a">Arkansas Agricultural and Mechanical Association.</subfield></datafield><datafield ind1=" " ind2=" " tag="752"><subfield code="a">United States</subfield><subfield code="b">Arkansas</subfield><subfield code="c">Pulaski</subfield><subfield code="d">Little Rock.</subfield></datafield><datafield ind1="0" ind2=" " tag="775"><subfield code="t">Daily Arkansas gazette</subfield><subfield code="w">(DLC)sn 82016487</subfield><subfield code="w">(OCoLC)9529011</subfield></datafield><datafield ind1="0" ind2=" " tag="775"><subfield code="t">Weekly Arkansas gazette</subfield><subfield code="w">(DLC)sn 82016484</subfield><subfield code="w">(OCoLC)9529609</subfield></datafield><datafield ind1="0" ind2="0" tag="780"><subfield code="t">Daily fair gazette</subfield><subfield code="w">(DLC)sn 87062096</subfield><subfield code="w">(OCoLC)15294276</subfield></datafield></record>